<?xml version="1.0" encoding="UTF-8"?><collection xmlns="http://www.loc.gov/MARC21/slim"><record><leader>00392nam--2200109-i-4500</leader><controlfield tag="001">000005164</controlfield><controlfield tag="002">20161230</controlfield><controlfield tag="005">20161230201026</controlfield><controlfield tag="008">060222s1000------------r-----000-0-eng-d</controlfield><datafield ind1=" " ind2=" " tag="245"><subfield code="a">Colloque sur la diffusion inelastique des neutrons dans les solides et les liquides, vienne, 11-14 oct., 1960. resumes des memoires</subfield></datafield><datafield ind1=" " ind2=" " tag="260"><subfield code="a">Vienne, Agence Internationale Del Energie Atomique, 1960</subfield></datafield><datafield ind1=" " ind2=" " tag="852"><subfield code="a">14198</subfield></datafield></record></collection>